<record><leader>00000cas a2200000 a 4500</leader><controlfield tag="001">32596551</controlfield><controlfield tag="008">950605d197u1983nyuwr ne      0    0eng c</controlfield><datafield ind1=" " ind2=" " tag="010"><subfield code="a">sn 95071210 </subfield></datafield><datafield ind1=" " ind2=" " tag="040"><subfield code="a">NYS</subfield><subfield code="b">eng</subfield><subfield code="c">NYS</subfield><subfield code="d">OCLCQ</subfield><subfield code="d">OCLCF</subfield><subfield code="d">OCLCO</subfield></datafield><datafield ind1="1" ind2=" " tag="029"><subfield code="a">AU@</subfield><subfield code="b">000011869085</subfield></datafield><datafield ind1=" " ind2=" " tag="042"><subfield code="a">pcc</subfield></datafield><datafield ind1=" " ind2=" " tag="043"><subfield code="a">n-us-ny</subfield></datafield><datafield ind1="0" ind2="0" tag="245"><subfield code="a">Lancaster enterprise journal.</subfield></datafield><datafield ind1="1" ind2="3" tag="246"><subfield code="a">Lancaster enterprise &amp; journal</subfield></datafield><datafield ind1="1" ind2="3" tag="246"><subfield code="a">Lancaster enterprise and journal</subfield></datafield><datafield ind1="1" ind2=" " tag="246"><subfield code="i">Special issues sometimes called:</subfield><subfield code="a">Lancaster enterprise &amp; Depew herald</subfield><subfield code="f">&lt;1978&gt;-1983</subfield></datafield><datafield ind1="3" ind2=" " tag="246"><subfield code="a">Lancaster enterprise and Depew herald</subfield></datafield><datafield ind1=" " ind2=" " tag="260"><subfield code="a">Lancaster, N.Y. :</subfield><subfield code="b">Bee Publications,</subfield><subfield code="c">-1983.</subfield></datafield><datafield ind1=" " ind2=" " tag="300"><subfield code="a">v.</subfield></datafield><datafield ind1=" " ind2=" " tag="310"><subfield code="a">Weekly</subfield></datafield><datafield ind1="0" ind2=" " tag="362"><subfield code="a">-105th year, no. 41 (Oct. 6, 1983).</subfield></datafield><datafield ind1=" " ind2=" " tag="588"><subfield code="a">Description based on: 99th year, no. 1 (Jan. 6, 1977).</subfield></datafield><datafield ind1=" " ind2="0" tag="651"><subfield code="a">Lancaster (N.Y.)</subfield><subfield code="v">Newspapers.</subfield></datafield><datafield ind1=" " ind2="0" tag="651"><subfield code="a">Erie County (N.Y.)</subfield><subfield code="v">Newspapers.</subfield></datafield><datafield ind1=" " ind2="7" tag="655"><subfield code="a">Newspapers.</subfield><subfield code="2">fast</subfield><subfield code="0">(OCoLC)fst01423814</subfield></datafield><datafield ind1=" " ind2="7" tag="651"><subfield code="a">New York (State)</subfield><subfield code="z">Erie County.</subfield><subfield code="2">fast</subfield><subfield code="0">(OCoLC)fst01202692</subfield></datafield><datafield ind1=" " ind2="7" tag="651"><subfield code="a">New York (State)</subfield><subfield code="z">Lancaster.</subfield><subfield code="2">fast</subfield><subfield code="0">(OCoLC)fst01278861</subfield></datafield><datafield ind1=" " ind2=" " tag="752"><subfield code="a">United States</subfield><subfield code="b">New York</subfield><subfield code="c">Erie</subfield><subfield code="d">Lancaster.</subfield></datafield><datafield ind1="0" ind2=" " tag="775"><subfield code="t">Depew herald (Depew, N.Y. : 1977)</subfield><subfield code="g">&lt;1977&gt;-1983</subfield><subfield code="w">(DLC)sn 98067592</subfield><subfield code="w">(OCoLC)39031445</subfield></datafield><datafield ind1="0" ind2="0" tag="780"><subfield code="t">Lancaster enterprise (Lancaster, N.Y.)</subfield><subfield code="w">(DLC)sn 92062076</subfield></datafield><datafield ind1="0" ind2="0" tag="785"><subfield code="t">Lancaster bee</subfield><subfield code="w">(DLC)sn 83004587</subfield><subfield code="w">(OCoLC)10049405</subfield></datafield></record>